@manual{cam5,
    author={
        Richard B. Neale and Chih-Chieh Chen and Andrew Gettelman
        and Peter H. Lauritzen and Sungsu Park and David L. Williamson
        and Andrew J. Conley and Rolando Garcia and Doug Kinnison and
        Jean-Francois Lamarque and Dan Marsh and Mike Mills and
        Anne K. Smith and Simone Tilmes and Francis Vitt and Hugh Morrison
        and Philip Cameron-Smith and William D. Collins and Michael J. Iacono
        and Richard C. Easter and Steven J. Ghan and Xiaohong Liu
        and Philip J. Rasch and Mark A. Taylor
    },
    year={2010},
    title={{Description of the NCAR Community Atmosphere Model (CAM 5.0)}},
    type={{NCAR Technical Note}},
    number={{NCAR/TN-486+STR}},
}
@article{zhang1995,
    author = { G. J. Zhang and Norman A. McFarlane},
    title = {Sensitivity of climate simulations to the parameterization of cumulus convection in the Canadian climate centre general circulation model},
    journal = {Atmosphere-Ocean},
    volume = {33},
    number = {3},
    pages = {407-446},
    year  = {1995},
    publisher = {Taylor & Francis},
    doi = {10.1080/07055900.1995.9649539},
}
