@book{chandrasekhar1961,
   author = {Chandrasekhar, S.},
   year = {1961},
   title = {Hydrodynamic and hydromagnetic stability},
   publisher = {Clarendon Press},
   address = {Oxford},
   ISBN = {9780486319209},
}
@article{ouertatani2008,
   author = {Ouertatani, Nasreddine and Ben Cheikh, Nader and Ben Beya, Brahim and Lili, Taieb},
   year = {2008},
   title = {Numerical simulation of two-dimensional {Rayleigh-Bénard} convection in an enclosure},
   journal = {C.R. Mec.},
   volume = {336},
   number = {5},
   DOI = {10.1016/j.crme.2008.02.004},
}
@article{stevens2010,
   author = {Stevens, Richard J. A. M. and Verzicco, Roberto and Lohse, Detlef},
   year = {2010},
   title = {Radial boundary layer structure and Nusselt number in {Rayleigh-Bénard} convection},
   journal = {J. Fluid Mech.},
   volume = {643},
   DOI = {10.1017/S0022112009992461},
}
@article{rayleigh1916,
   author = {{Lord Rayleigh}},
   year = {1916},
   title = {On convection currents in a horizontal layer of fluid, when the higher temperature is on the under side},
   journal = {Philos. Mag.},
   volume = {32},
   number = {192},
   DOI = {10.1080/14786441608635602},
}
