@article{zacharuk2018,
    author = {Zacharuk, Matthias and Dolaptchiev, Stamen I. and Achatz, Ulrich and Timofeyev, Ilya},
    title = {Stochastic subgrid-scale parametrization for one-dimensional shallow-water dynamics using stochastic mode reduction},
    journal = {Quarterly Journal of the Royal Meteorological Society},
    volume = {144},
    number = {715},
    pages = {1975-1990},
    doi = {10.1002/qj.3396},
    year = {2018}
}
